<record><leader>00000cas a2200000 a 4500</leader><controlfield tag="001">10064732</controlfield><controlfield tag="008">831027d17931796maucr ne      0    0eng c</controlfield><datafield ind1=" " ind2=" " tag="010"><subfield code="a">sn 83021276 </subfield></datafield><datafield ind1=" " ind2=" " tag="040"><subfield code="a">NPX</subfield><subfield code="b">eng</subfield><subfield code="c">NPX</subfield><subfield code="d">NPA</subfield><subfield code="d">NPU</subfield><subfield code="d">DLC</subfield><subfield code="d">NPA</subfield><subfield code="d">DLC</subfield><subfield code="d">NJW</subfield><subfield code="d">KNP</subfield><subfield code="d">YOX</subfield><subfield code="d">ANU</subfield><subfield code="d">KNP</subfield><subfield code="d">MGN</subfield><subfield code="d">HUL</subfield><subfield code="d">CNK</subfield><subfield code="d">NVF</subfield><subfield code="d">DLC</subfield><subfield code="d">OCL</subfield><subfield code="d">CVF</subfield><subfield code="d">NYS</subfield><subfield code="d">OCLCG</subfield><subfield code="d">BUF</subfield><subfield code="d">KRTAS</subfield><subfield code="d">OCLCQ</subfield><subfield code="d">OCLCF</subfield><subfield code="d">OCLCO</subfield></datafield><datafield ind1="1" ind2=" " tag="029"><subfield code="a">AU@</subfield><subfield code="b">000020409266</subfield></datafield><datafield ind1=" " ind2=" " tag="042"><subfield code="a">pcc</subfield></datafield><datafield ind1=" " ind2=" " tag="043"><subfield code="a">n-us-ma</subfield></datafield><datafield ind1="0" ind2="0" tag="050"><subfield code="a">Newspaper</subfield></datafield><datafield ind1="1" ind2="4" tag="050"><subfield code="a">AP2.A2</subfield><subfield code="b">A63 Box 62</subfield></datafield><datafield ind1="0" ind2=" " tag="130"><subfield code="a">Mercury (Boston, Mass. : 1793)</subfield></datafield><datafield ind1="1" ind2="4" tag="245"><subfield code="a">The Mercury.</subfield></datafield><datafield ind1="1" ind2=" " tag="246"><subfield code="i">Issues for Dec. 4, 1795-July 5, 1796 published as:</subfield><subfield code="a">Massachusetts Mercury</subfield></datafield><datafield ind1=" " ind2=" " tag="260"><subfield code="a">Boston [Mass.] :</subfield><subfield code="b">Young &amp; Etheridge,</subfield><subfield code="c">1793-1796.</subfield></datafield><datafield ind1=" " ind2=" " tag="300"><subfield code="a">v.</subfield></datafield><datafield ind1=" " ind2=" " tag="310"><subfield code="a">Semiweekly</subfield></datafield><datafield ind1="0" ind2=" " tag="362"><subfield code="a">Vol. 2, no. 1 (July 2, 1793)-v. 8, no. 53 (Dec. 30, 1796).</subfield></datafield><datafield ind1=" " ind2=" " tag="515"><subfield code="a">Issues for July 2, 1793-July 22, 1794 called also whole no. 79-whole no. 189. Issues for July 25, 1794-June 28, 1796 called also total no. 190-total no. 394.</subfield></datafield><datafield ind1=" " ind2=" " tag="530"><subfield code="a">Also issued in microform from Readex Microprint Corp.</subfield></datafield><datafield ind1=" " ind2="0" tag="651"><subfield code="a">Boston (Mass.)</subfield><subfield code="v">Newspapers.</subfield></datafield><datafield ind1=" " ind2="7" tag="655"><subfield code="a">Newspapers.</subfield><subfield code="2">fast</subfield><subfield code="0">(OCoLC)fst01423814</subfield></datafield><datafield ind1=" " ind2="7" tag="651"><subfield code="a">Massachusetts</subfield><subfield code="z">Boston.</subfield><subfield code="2">fast</subfield><subfield code="0">(OCoLC)fst01205012</subfield></datafield><datafield ind1="1" ind2=" " tag="700"><subfield code="a">Etheridge, Samuel,</subfield><subfield code="d">1771-1817.</subfield></datafield><datafield ind1="1" ind2=" " tag="700"><subfield code="a">Young, Alexander,</subfield><subfield code="d">1768?-1834.</subfield></datafield><datafield ind1="1" ind2=" " tag="700"><subfield code="a">Minns, Thomas,</subfield><subfield code="d">1773-1836.</subfield></datafield><datafield ind1=" " ind2=" " tag="752"><subfield code="a">United States</subfield><subfield code="b">Massachusetts</subfield><subfield code="c">Suffolk</subfield><subfield code="d">Boston.</subfield></datafield><datafield ind1="1" ind2=" " tag="776"><subfield code="c">Microfilm</subfield><subfield code="w">(OCoLC)36896630</subfield></datafield><datafield ind1="0" ind2="0" tag="780"><subfield code="t">Massachusetts Mercury (Boston, Mass. : 1793)</subfield><subfield code="w">(DLC)sn 83021275</subfield><subfield code="w">(OCoLC)2263905</subfield></datafield><datafield ind1="0" ind2="0" tag="785"><subfield code="t">Massachusetts Mercury (Boston, Mass. : 1797)</subfield><subfield code="w">(DLC)sn 83021277</subfield><subfield code="w">(OCoLC)10064861</subfield></datafield><datafield ind1=" " ind2=" " tag="850"><subfield code="a">MH</subfield></datafield><datafield ind1=" " ind2=" " tag="938"><subfield code="a">Kirtas Technologies, Inc.</subfield><subfield code="b">KRTS</subfield><subfield code="n">737606</subfield></datafield></record>